% This file was created with Citavi 6.8.0.0

@booklet{AIST.30.06.2021,
 author = {{National Institute of Advanced Industrial Science and Technology}},
 year = {30.06.2021},
 title = {AIST: Spectral Database for Organic Compounds, SDBS: p-propylphenol},
 url = {https://sdbs.db.aist.go.jp/sdbs/cgi-bin/landingpage?sdbsno=2361},
 urldate = {2021-06-30}
}


@misc{Bergwerf.30.06.2021,
 abstract = {View this molecule at http://molview.org},
 author = {Bergwerf, Herman},
 title = {MolView},
 url = {https://molview.org/?cid=12580},
 urldate = {2021-06-30}
}


@book{Breitmaier.2005,
 author = {Breitmaier, Eberhard},
 year = {2005},
 title = {Vom NMR-Spektrum zur Strukturformel organischer Verbindungen},
 address = {Weinheim},
 edition = {3., vollst. {\"u}berarb. und erw. Aufl.},
 publisher = {WILEY-VCH},
 isbn = {9783527662296},
 doi = {10.1002/9783527662296}
}


@booklet{chempedia_nmr,
 author = {{Prof. Reiner Salzer, Dr. Steffen Thiele, Dr. Silvia Paasch}},
 year = {02.07.2021},
 title = {Grundlagen der NMR-Spektroskopie},
 url = {http://www.chemgapedia.de/vsengine/vlu/vsc/de/ch/3/anc/nmr_spek/nmr_grundlagen.vlu.html},
 urldate = {2021-07-02}
}


@booklet{frankfurt_nmr,
 author = {{Prof. Harald Schwalbe, Dr. Christian Richter}},
 title = {Grundlagen der Eindimensionalen NMR-Spektroskopie},
 url = {http://schwalbe.org.chemie.uni-frankfurt.de/sites/default/files/oc1p/NMR_Vortrag.pdf},
 urldate = {2021-07-02}
}


@misc{Haider.30.06.2021,
 abstract = {A free utility program for displaying spectra in the JCAMP-DX format},
 author = {Haider, Norbert},
 title = {JDXview Homepage},
 url = {https://homepage.univie.ac.at/norbert.haider/cheminf/jdxview.html},
 urldate = {2021-06-30}
}


@misc{Patiny.30.06.2021,
 abstract = {(none)},
 author = {{Luc Patiny}},
 title = {Predict 1H proton NMR spectra},
 url = {https://www.nmrdb.org/new_predictor/index.shtml?v=v2.121.0},
 urldate = {2021-06-30}
}


